@misc{mathworks1,
author = {{MathWorks Documentation}},
  title = {{Formant Estimation with LPC Coefficients}},
  howpublished = "\url{https://www.mathworks.com/help/signal/ug/formant-estimation-with-lpc-coefficients.html}",
  note = "[Online; Visitado el 29 de octubre de 2017]"
}

@article{snell1993formant,
  title={Formant location from LPC analysis data},
  author={Snell, Roy C and Milinazzo, Fausto},
  journal={IEEE Transactions on Speech and Audio Processing},
  volume={1},
  number={2},
  pages={129--134},
  year={1993},
  publisher={IEEE}
}

@inproceedings{kuwabara1996acoustic,
  title={Acoustic properties of phonemes in continuous speech for different speaking rate},
  author={Kuwabara, Hisao},
  booktitle={Spoken Language, 1996. ICSLP 96. Proceedings., Fourth International Conference on},
  volume={4},
  pages={2435--2438},
  year={1996},
  organization={IEEE}
}
@PHDTHESIS {RNN_HINTON,
    author = "Alex Graves, Abdel-rahman Mohamed and Geoffrey Hinton",
    title  = "SPEECH RECOGNITION WITH DEEP RECURRENT NEURAL NETWORKS",
    school = "Department of Computer Science, University of Toronto",
    year   = "2012"
}
@ONLINE {LDC,
    author = "Linguistic Data Consortium",
    title  = "TIMIT Acoustic-Phonetic Continuous Speech Corpus",
    year   = "1993",
    url    = "https://catalog.ldc.upenn.edu/ldc93s1"
}
@ARTICLE {ADAM,
    author  = "Diederik Kingma, Jimmy Ba",
    title   = "Adam: A Method for Stochastic Optimization",
    journal = "3rd International Conference for Learning Representations",
    year    = "2014",
    month   = "dec"
}
@article{tiwari2010mfcc,
  title={MFCC and its applications in speaker recognition},
  author={Tiwari, Vibha},
  journal={International journal on emerging technologies},
  volume={1},
  number={1},
  pages={19--22},
  year={2010}
}

@inproceedings{sak2014long,
  title={Long short-term memory recurrent neural network architectures for large scale acoustic modeling},
  author={Sak, Ha{\c{s}}im and Senior, Andrew and Beaufays, Fran{\c{c}}oise},
  booktitle={Fifteenth Annual Conference of the International Speech Communication Association},
  year={2014}
}